|0000|||
|N001|1|
|N100|55963771000176|ZANOTTI E ZANOTTI IND.COM. REFRIG LTDA.|38913|1|01042024|SAIDA|35240455963771000176550010000389131160372942|01.253.958/0001-57||MASSAS DAIANA FRANCA LTDA|SP|13998,00|04_2024|25062025|AUTORIZADA|||
|N170|55963771000176|38913|1|1|EQ903M|FORNO EL INDL 3 CAM 90X70X20|85142011|5102|13998,00|1,0000|PC|13998,00|0,00|0,00|0,00|0,00|13998,00|2|20|6843,62|18,00|1231,85|0,00|0,00|0,00|0,00|53|0,00|
|N100|55963771000176|ZANOTTI E ZANOTTI IND.COM. REFRIG LTDA.|38913|1|01042024|SAIDA|35240455963771000176550010000389131160372942|01.253.958/0001-57||MASSAS DAIANA FRANCA LTDA|SP|13998,00|04_2024|25062025|AUTORIZADA|||
|N170|55963771000176|38913|1|1|EQ903M|FORNO EL INDL 3 CAM 90X70X20|85142011|5102|13998,00|1,0000|PC|13998,00|0,00|0,00|0,00|0,00|13998,00|0|20|6843,62|18,00|1231,85|0,00|0,00|0,00|0,00|53|0,00|
|N100|55963771000176|ZANOTTI E ZANOTTI IND.COM. REFRIG LTDA.|38913|1|01042024|SAIDA|35240455963771000176550010000389131160372942|01.253.958/0001-57||MASSAS DAIANA FRANCA LTDA|SP|13998,00|04_2024|25062025|AUTORIZADA|||
|N170|55963771000176|38913|1|1|EQ903M|FORNO EL INDL 3 CAM 90X70X20|85142011|5102|13998,00|1,0000|PC|13998,00|0,00|0,00|0,00|0,00|13998,00|0|20|6843,62|18,00|1231,85|0,00|0,00|0,00|0,00|53|0,00|
|N100|55963771000176|ZANOTTI E ZANOTTI IND.COM. REFRIG LTDA.|38914|1|01042024|SAIDA|35240455963771000176550010000389141242348384|28.834.477/0001-91||REFRIGERACAO CASTILHO LTDA - ME|SP|8549,00|04_2024|25062025|AUTORIZADA|||
|N170|55963771000176|38914|1|1|40432|ELEMENTOS CAMARA FRIGOR INDL N|84186999|5101|104,99|81,4268|M2|8549,00|0,00|0,00|0,00|0,00|8549,00|0|20|4179,61|18,00|752,33|0,00|0,00|0,00|0,00|53|0,00|
|N100|55963771000176|ZANOTTI E ZANOTTI IND.COM. REFRIG LTDA.|38915|1|01042024|SAIDA|35240455963771000176550010000389151794510006||115.839.998-76|SANDRO FARABOTTI|SP|445,00|04_2024|25062025|AUTORIZADA|||
|N140|001000038915|445,00|0,00|445,00|
|N141|001|16042024|445,00|
|N170|55963771000176|38915|1|1|EQ002 T|ESTUFA 3B VC W3B 110V|84198920|5102|445,00|1,0000|PC|445,00|0,00|0,00|0,00|0,00|445,00|0|20|217,56|18,00|39,16|0,00|0,00|0,00|0,00|53|0,00|
|N100|55963771000176|ZANOTTI E ZANOTTI IND.COM. REFRIG LTDA.|38916|1|01042024|SAIDA|35240455963771000176550010000389161150204054||066.297.779-30|JOCELI DUKEVISKI|PR|445,00|04_2024|25062025|AUTORIZADA|||
|N140|001000038916|445,00|0,00|445,00|
|N141|001|16042024|445,00|
|N170|55963771000176|38916|1|1|EQ002 T|ESTUFA 3B VC W3B 110V|84198920|6108|445,00|1,0000|PC|445,00|0,00|0,00|0,00|0,00|445,00|0|20|326,32|12,00|39,16|0,00|0,00|0,00|0,00|53|0,00|
|N100|55963771000176|ZANOTTI E ZANOTTI IND.COM. REFRIG LTDA.|38917|1|01042024|SAIDA|35240455963771000176550010000389171613604199||060.241.417-26|ADRIANA OLIVEIRA|RJ|486,00|04_2024|25062025|AUTORIZADA|||
|N140|001000038917|486,00|0,00|486,00|
|N141|001|16042024|486,00|
|N170|55963771000176|38917|1|1|EQ004 T|ESTUFA 4B VC W4B 110V|84198920|6108|486,00|1,0000|PC|486,00|0,00|0,00|0,00|0,00|486,00|0|20|356,38|12,00|42,77|0,00|0,00|0,00|0,00|53|0,00|
|N100|55963771000176|ZANOTTI E ZANOTTI IND.COM. REFRIG LTDA.|38918|1|01042024|SAIDA|35240455963771000176550010000389181543153808||001.075.761-98|JULIANA SOUTO MAYOR RAMOS|MS|749,00|04_2024|25062025|AUTORIZADA|||
|N140|001000038918|749,00|0,00|749,00|
|N141|001|16042024|749,00|
|N170|55963771000176|38918|1|1|EQ107T|ESTUFA 6BD EVR-BP PRETO 127V I|84198920|6108|749,00|1,0000|PC|749,00|0,00|0,00|0,00|0,00|749,00|0|20|549,99|7,00|38,50|0,00|0,00|0,00|0,00|53|0,00|
|N100|55963771000176|ZANOTTI E ZANOTTI IND.COM. REFRIG LTDA.|38919|1|01042024|SAIDA|35240455963771000176550010000389191945085952||937.307.642-68|ALLAN GOMES|RO|559,00|04_2024|25062025|AUTORIZADA|||
|N140|001000038919|559,00|0,00|559,00|
|N141|001|16042024|559,00|
|N170|55963771000176|38919|1|1|EQ036MV|LIQUID 3.5L  ALTA ROTACAO LAR4|84386000|6108|559,00|1,0000|PC|559,00|0,00|0,00|0,00|0,00|559,00|0|20|439,21|7,00|30,74|0,00|0,00|0,00|0,00|53|0,00|
|N100|55963771000176|ZANOTTI E ZANOTTI IND.COM. REFRIG LTDA.|38920|1|01042024|SAIDA|35240455963771000176550010000389201663294636|66.772.674/0001-12||FGS CARNES LTDA|SP|100000,00|04_2024|25062025|AUTORIZADA|||
|N140|001000038920|600000,00|0,00|600000,00|
|N141|001|27112023|150000,00|
|N141|002|27122023|150000,00|
|N141|003|26012024|100000,00|
|N141|004|27022024|100000,00|
|N141|005|27032024|100000,00|
|N170|55963771000176|38920|1|1|40432|ELEMENTOS CAMARA FRIGOR INDL N|84186999|5922|104,99|952,4717|M2|100000,00|0,00|0,00|0,00|0,00|100000,00|0|40|0,00|0,00|0,00|0,00|0,00|0,00|0,00|53|0,00|
|N100|55963771000176|ZANOTTI E ZANOTTI IND.COM. REFRIG LTDA.|38913|1|01042024|SAIDA|35240455963771000176550010000389131160372942|01.253.958/0001-57||MASSAS DAIANA FRANCA LTDA|SP|13998,00|04_2024|25062025|AUTORIZADA|||
|N170|55963771000176|38913|1|1|EQ903M|FORNO EL INDL 3 CAM 90X70X20|85142011|5102|13998,00|1,0000|PC|13998,00|0,00|0,00|0,00|0,00|13998,00|2|20|6843,62|18,00|1231,85|0,00|0,00|0,00|0,00|53|0,00|
|N100|55963771000176|ZANOTTI E ZANOTTI IND.COM. REFRIG LTDA.|38913|1|01042024|SAIDA|35240455963771000176550010000389131160372942|01.253.958/0001-57||MASSAS DAIANA FRANCA LTDA|SP|13998,00|04_2024|25062025|AUTORIZADA|||
|N170|55963771000176|38913|1|1|EQ903M|FORNO EL INDL 3 CAM 90X70X20|85142011|5102|13998,00|1,0000|PC|13998,00|0,00|0,00|0,00|0,00|13998,00|0|20|6843,62|18,00|1231,85|0,00|0,00|0,00|0,00|53|0,00|
|N990|40|
|Z001|1|
|Z100|71.322.150/0051-29||35240455963771000176550010000389341682914240|01042024|110111|Cancelamento registrado|Evento registrado e vinculado a NF-e|135240676707697|
|Z100||322.491.278-24|35240624047923000167550010000390031000698440|25062024|110110|Carta de Correção registrada|Evento registrado e vinculado a NF-e|135241353382170|
|Z100|71.322.150/0051-29||35240455963771000176550010000389341682914240|01042024|110111|Cancelamento registrado|Evento registrado e vinculado a NF-e|135240676707697|
|Z100||322.491.278-24|35240624047923000167550010000390031000698440|25062024|110110|Carta de Correção registrada|Evento registrado e vinculado a NF-e|135241353382170|
|Z990|4|
|9999|50|
