|0000|||
|N001|1|
|N100|55963771000176|ZANOTTI E ZANOTTI IND.COM. REFRIG LTDA.|38913|1|01042024|UNKNOWN|35240455963771000176550010000389131160372942|55.963.771/0001-76||MASSAS DAIANA FRANCA LTDA|SP|13998,00||04_2024|21102024|AUTORIZADA|||
|N170|55963771000176|38913|1|1|EQ903M|FORNO EL INDL 3 CAM 90X70X20|85142011|5102|13998,00|1,0000|PC|13998,00|0,00|0,00|0,00|0,00|13998,00|||6843,62|18,00|1231,85|0,00|0,00|0,00|0,00|53|0,00|
|N100|55963771000176|ZANOTTI E ZANOTTI IND.COM. REFRIG LTDA.|38913|1|01042024|UNKNOWN|35240455963771000176550010000389131160372942|55.963.771/0001-76||MASSAS DAIANA FRANCA LTDA|SP|13998,00||04_2024|21102024|AUTORIZADA|||
|N170|55963771000176|38913|1|1|EQ903M|FORNO EL INDL 3 CAM 90X70X20|85142011|5102|13998,00|1,0000|PC|13998,00|0,00|0,00|0,00|0,00|13998,00|||6843,62|18,00|1231,85|0,00|0,00|0,00|0,00|53|0,00|
|N990|4|
|Z001|1|
|Z100|71.322.150/0051-29||35240455963771000176550010000389341682914240|01042024|110111|Cancelamento registrado|135240676707697||
|Z100||322.491.278-24|35240624047923000167550010000390031000698440|25062024|110110|Carta de Correção registrada|135241353382170||
|Z990|2|
|9999|12|
